<collection xmlns="http://www.loc.gov/MARC21/slim">
<record>
  <leader>01001nam0a22002051i 450 </leader>
  <controlfield tag="001">IT\ICCU\CNCE\071456</controlfield>
  <controlfield tag="005">20110214000000.0</controlfield>
  <datafield tag="100" ind1=" " ind2=" ">
    <subfield code="a">20070726d1541        0itac0103    ba</subfield>
  </datafield>
  <datafield tag="101" ind1=" " ind2=" ">
    <subfield code="a">ITA</subfield>
  </datafield>
  <datafield tag="102" ind1=" " ind2=" ">
    <subfield code="a">IT</subfield>
  </datafield>
  <datafield tag="200" ind1="1" ind2=" ">
    <subfield code="a">Rosario de virt ̮extratto da molti philosophi: theologi &amp; altri excellenti authori. Opera utilissima per sequitare virtute, nouamente stampata</subfield>
  </datafield>
  <datafield tag="210" ind1=" " ind2=" ">
    <subfield code="e">Stampato in Venetia</subfield>
    <subfield code="g">per Giouanni Andrea Valuassore detto Guadagnino &amp; Florio fratello</subfield>
    <subfield code="h">1541</subfield>
  </datafield>
  <datafield tag="215" ind1=" " ind2=" ">
    <subfield code="a">\24! c.</subfield>
    <subfield code="d">8ʻ</subfield>
  </datafield>
  <datafield tag="620" ind1=" " ind2=" ">
    <subfield code="a">IT</subfield>
    <subfield code="d">Venezia</subfield>
  </datafield>
  <datafield tag="712" ind1="0" ind2="0">
    <subfield code="a">Valvassori, Giovanni Andrea &amp; Valvassori, Florio</subfield>
    <subfield code="3">IT\ICCU\CNCT\000721</subfield>
    <subfield code="4">650</subfield>
  </datafield>
  <datafield tag="791" ind1="0" ind2="0">
    <subfield code="a">Valvassori, Florio</subfield>
    <subfield code="3">IT\ICCU\CNCT\000722</subfield>
    <subfield code="z">Valvassori, Giovanni Andrea &amp; Valvassori, Florio</subfield>
  </datafield>
  <datafield tag="791" ind1="0" ind2="0">
    <subfield code="a">Vavasorius, Ioannes Andreas &amp; Vavasorius, Florius</subfield>
    <subfield code="3">IT\ICCU\CNCT\004149</subfield>
    <subfield code="z">Valvassori, Giovanni Andrea &amp; Valvassori, Florio</subfield>
  </datafield>
  <datafield tag="801" ind1=" " ind2="3">
    <subfield code="a">IT</subfield>
    <subfield code="b">ICCU</subfield>
    <subfield code="c">20201115</subfield>
  </datafield>
  <datafield tag="899" ind1=" " ind2=" ">
    <subfield code="a">Biblioteca Angelica. Roma</subfield>
    <subfield code="1">RM0290</subfield>
    <subfield code="2">RML 06</subfield>
  </datafield>
  <datafield tag="899" ind1=" " ind2=" ">
    <subfield code="a">Biblioteca nazionale Marciana. Venezia</subfield>
    <subfield code="1">VE0049</subfield>
    <subfield code="2">VEA BM</subfield>
  </datafield>
</record>
</collection>
